<?xml version="1.0" encoding="UTF-8"?>
<collection xmlns="http://www.loc.gov/MARC21/slim">
 <record>
  <leader>03132cam a2200469 a 4500</leader>
  <controlfield tag="001">6230549</controlfield>
  <controlfield tag="005">20071114121200.0</controlfield>
  <controlfield tag="008">061219s2006    iluabf   b    001 0 eng d</controlfield>
  <datafield tag="010" ind1=" " ind2=" ">
   <subfield code="a">  2006932376</subfield>
  </datafield>
  <datafield tag="020" ind1=" " ind2=" ">
   <subfield code="a">1885923368</subfield>
  </datafield>
  <datafield tag="020" ind1=" " ind2=" ">
   <subfield code="a">9781885923363</subfield>
  </datafield>
  <datafield tag="040" ind1=" " ind2=" ">
   <subfield code="a">ZCU</subfield>
   <subfield code="c">ZCU</subfield>
   <subfield code="d">BAKER</subfield>
   <subfield code="d">NDD</subfield>
   <subfield code="d">UtOrBLW</subfield>
   <subfield code="d">OrLoB-B</subfield>
  </datafield>
  <datafield tag="043" ind1=" " ind2=" ">
   <subfield code="a">a-ir---</subfield>
  </datafield>
  <datafield tag="049" ind1=" " ind2=" ">
   <subfield code="a">CGUA</subfield>
  </datafield>
  <datafield tag="050" ind1=" " ind2="4">
   <subfield code="a">DS324.F3</subfield>
   <subfield code="b">A65 2006</subfield>
  </datafield>
  <datafield tag="100" ind1="1" ind2=" ">
   <subfield code="a">Alizadeh, Abbas,</subfield>
   <subfield code="d">1951-</subfield>
  </datafield>
  <datafield tag="245" ind1="1" ind2="4">
   <subfield code="a">The origins of state organizations in prehistoric highland Fars, southern Iran :</subfield>
   <subfield code="b">excavations at Tall-e Bakun /</subfield>
   <subfield code="c">by Aggas Alizadeh ; with contributions by Masoumeh Kimiaie, Marjan Maskour, and Naomi F. Miller.</subfield>
  </datafield>
  <datafield tag="246" ind1="3" ind2="0">
   <subfield code="a">Excavations at Tall-e Bakun</subfield>
  </datafield>
  <datafield tag="260" ind1=" " ind2=" ">
   <subfield code="a">Chicago :</subfield>
   <subfield code="b">The Oriental Institute of the University of Chicago in association with the Iranian Cultural Heritage and Tourism Organization,</subfield>
   <subfield code="c">2006.</subfield>
  </datafield>
  <datafield tag="300" ind1=" " ind2=" ">
   <subfield code="a">xliv, 275 p., 26 p. of plates :</subfield>
   <subfield code="b">ill., maps ;</subfield>
   <subfield code="c">31 cm.</subfield>
  </datafield>
  <datafield tag="440" ind1=" " ind2="4">
   <subfield code="a">University of Chicago Oriental Institute publications.</subfield>
   <subfield code="v">v. 128</subfield>
  </datafield>
  <datafield tag="504" ind1=" " ind2=" ">
   <subfield code="a">Includes bibliographical references (p. xxv-xliv) and index.</subfield>
  </datafield>
  <datafield tag="505" ind1="0" ind2="0">
   <subfield code="g">Ch. 1.</subfield>
   <subfield code="t">Introduction --</subfield>
   <subfield code="g">Ch. 2.</subfield>
   <subfield code="t">Methodology and theoretical considerations --</subfield>
   <subfield code="g">Ch. 3.</subfield>
   <subfield code="t">Geography environmental resources, and land use in Fars, Iran --</subfield>
   <subfield code="g">Ch. 4.</subfield>
   <subfield code="t">Archaeological research in Fars Province, Iran --</subfield>
   <subfield code="g">Ch. 5.</subfield>
   <subfield code="t">Spatial and functional analysis of the settlement at Tall-e Bakun A --</subfield>
   <subfield code="g">Ch. 6.</subfield>
   <subfield code="t">Pottery --</subfield>
   <subfield code="g">Ch. 7.</subfield>
   <subfield code="t">Small objects and chipped stone industry --</subfield>
   <subfield code="g">Ch. 8.</subfield>
   <subfield code="t">Administrative technology at Tall-e Bakun A --</subfield>
   <subfield code="g">Ch. 9.</subfield>
   <subfield code="t">Discussion and conclusions --</subfield>
   <subfield code="g">Ch. 10.</subfield>
   <subfield code="t">Towards a specialized subsistence economy in the Marv Dasht plain preliminary zooarchaeological analysis of the faunal assemblages from Tall-e Mushki, Tall-e Jari A and B and Tall-e Bakun A and B /</subfield>
   <subfield code="r">Marjan Mashkour --</subfield>
   <subfield code="g">Ch. 11.</subfield>
   <subfield code="t">Some plants remains from the 2004 excavations at Tall-e Mushki, Tall-e Jari A and B, and Tall-e Bakun A and B /</subfield>
   <subfield code="r">Naomi F. Miller and Masoumeh Kimiaie --</subfield>
   <subfield code="g">App. A.</subfield>
   <subfield code="t">Radiocarbon dating of the Fars prehistoric sequence --</subfield>
   <subfield code="g">App. B.</subfield>
   <subfield code="t">List of the 1937 season archaeological obiects by material and provenance.</subfield>
  </datafield>
  <datafield tag="651" ind1=" " ind2="0">
   <subfield code="a">Marv Plain (Iran)</subfield>
   <subfield code="x">Antiquities.</subfield>
  </datafield>
  <datafield tag="651" ind1=" " ind2="0">
   <subfield code="a">Fārs (Iran)</subfield>
   <subfield code="x">Antiquities.</subfield>
  </datafield>
  <datafield tag="650" ind1=" " ind2="0">
   <subfield code="a">Excavations (Archaeology)</subfield>
   <subfield code="z">Iran</subfield>
   <subfield code="z">Marv Plain.</subfield>
  </datafield>
  <datafield tag="650" ind1=" " ind2="0">
   <subfield code="a">Excavations (Archaeology)</subfield>
   <subfield code="z">Iran</subfield>
   <subfield code="z">Fārs.</subfield>
  </datafield>
  <datafield tag="650" ind1=" " ind2="0">
   <subfield code="a">Excavations (Archaeology)</subfield>
   <subfield code="z">Iran</subfield>
   <subfield code="z">Tall-i-Bakun.</subfield>
  </datafield>
  <datafield tag="651" ind1=" " ind2="0">
   <subfield code="a">Tall-i-Bakun (Iran)</subfield>
   <subfield code="x">Antiquities.</subfield>
  </datafield>
  <datafield tag="650" ind1=" " ind2="7">
   <subfield code="a">Antiquities.</subfield>
   <subfield code="2">fast</subfield>
   <subfield code="0">http://id.worldcat.org/fast/fst00810745</subfield>
  </datafield>
  <datafield tag="650" ind1=" " ind2="7">
   <subfield code="a">Excavations (Archaeology)</subfield>
   <subfield code="2">fast</subfield>
   <subfield code="0">http://id.worldcat.org/fast/fst00917564</subfield>
  </datafield>
  <datafield tag="650" ind1=" " ind2="7">
   <subfield code="a">Land settlement patterns, Prehistoric.</subfield>
   <subfield code="2">fast</subfield>
   <subfield code="0">http://id.worldcat.org/fast/fst00991341</subfield>
  </datafield>
  <datafield tag="650" ind1=" " ind2="7">
   <subfield code="a">Prehistoric peoples.</subfield>
   <subfield code="2">fast</subfield>
   <subfield code="0">http://id.worldcat.org/fast/fst01075242</subfield>
  </datafield>
  <datafield tag="651" ind1=" " ind2="7">
   <subfield code="a">Iran</subfield>
   <subfield code="z">Fārs.</subfield>
   <subfield code="2">fast</subfield>
   <subfield code="0">http://id.worldcat.org/fast/fst01209638</subfield>
  </datafield>
  <datafield tag="651" ind1=" " ind2="7">
   <subfield code="a">Iran</subfield>
   <subfield code="z">Marv Plain.</subfield>
   <subfield code="2">fast</subfield>
   <subfield code="0">http://id.worldcat.org/fast/fst01277167</subfield>
  </datafield>
  <datafield tag="700" ind1="1" ind2=" ">
   <subfield code="a">Kimiaie, Masoumeh.</subfield>
  </datafield>
  <datafield tag="700" ind1="1" ind2=" ">
   <subfield code="a">Maskour, Marjan.</subfield>
  </datafield>
  <datafield tag="700" ind1="1" ind2=" ">
   <subfield code="a">Miller, Naomi Frances.</subfield>
  </datafield>
  <datafield tag="903" ind1=" " ind2=" ">
   <subfield code="a">MARS</subfield>
  </datafield>
  <datafield tag="035" ind1=" " ind2=" ">
   <subfield code="a">(OCoLC)77079730</subfield>
  </datafield>
  <datafield tag="929" ind1=" " ind2=" ">
   <subfield code="t">LCC</subfield>
   <subfield code="c">Gen</subfield>
   <subfield code="b">f</subfield>
   <subfield code="a">DS324.F3A65 2006</subfield>
   <subfield code="l">JRL</subfield>
  </datafield>
  <datafield tag="927" ind1=" " ind2=" ">
   <subfield code="b">75710191</subfield>
  </datafield>
 </record>
</collection>
